1
@article{ball1,
    author="Ball, Nicholas M. and Brunner, Robert J.",
    title="Data Mining and Machine Learning in Astronomy",
    journal="International Journal of Modern Physics D",
    publisher="World Scientific Publishing Company",
    year="2010",
    archivePrefix="arXiv",
    eprint="0906.2173",
    primaryClass="astro-ph"
}

2
@article{BhaduriDas,
	author="Bhaduri, Kanishka and Das, Kamalika and Borne, Kirk and others",
	title="Scalable, Asynchronous, Distributed Eigen Monitoring of Astronomy Data Streams",
	journal="Statistical Analysis and Data Mining",
	publisher="Wiley Periodicals, Inc.",
	year="2011"
}

3
@article{Borne,
	author="Borne, Kirk D.",
	title="Scientific Data Mining in Astronomy",
	year="2009",
	archivePrefix="arXiv",
	eprint="0911.0505",
	primaryClass="astro-ph"
}

4
@article{Cegla,
	author="Cegla, H. M. and Stassun, K. G. and Watson, C. A.",
	title="Estimating Stellar Radial Velocity Variability from Kepler and GALEX: Implications for the Radial Velocity Confirmation of Exoplanets",
	year="2013",
	archivePrefix="arXiv",
	eprint="1311.3344",
	primaryClass="astro-ph"
}

5
@inproceedings{Daruru,
	title="Distributed, Scalable Clustering for Detecting Halos in Terascale Astronomy Datasets",
	author="Daruru, Srivatsava and Dhandapani, Sankari and others",
	crossref="2010IEEE",
	pages="138-147",
	year="2010"
}
@proceedings{2010IEEE,
	title="IEEE International Conference on Data Mining Workshops",
	booktitle="IEEE International Conference on Data Mining Workshops",
	year="2010"
}

6
@article{Kato,
	author="Kato, Taichi and Osaki, Yoji",
	title="GALEX J194419.33+491257.0: An unusually active SU UMa-type dwarf nova with a very short orbital period in the Kepler data",
	journal="Publ. Astron. Soc. Japan",
	publisher="Oxford University Press",
	year="2014"
}

7
@inproceedings{McConnell,
	title="Distributed Data Mining for Astrophysical Datasets",
	author="McConnell, Sabine M. and Skillicorn, David B.",
	crossref="ASP",
	pages="360-364",
	year="2005"
}
@proceedings{ASP,
	editor="Shopbell, P. L. and Britton, M. C. and Ebert, R.",
	title="Astronomical Data Analysis Software and Systems XIV",
	booktitle="Astronomical Data Analysis Software and Systems XIV",
	year="2005"
}

8
@inproceedings{McConnell2,
    title="Building Predictors from Vertically Distributed Data",
    author="McConnell, Sabine and Skillicorn, David B.",
    crossref="CASCR",
    pages="150-162",
    year="2004"
}
@proceedings{CASCR,
    title="Conference of the Centre for Advanced Studies on Collaborative Research",
    booktitle="Conference of the Centre for Advanced Studies on Collaborative Research",
    year="2004"
}

9
@inproceedings{Xiang,
    title="A Grid-based Distributed Database Solution for Large Astronomy Datasets",
    author="Xiang, Helen X",
    crossref="ICCSSE",
    pages="66-69",
    year="2008"
}
@proceedings{ICCSSE,
    title="International Conference on Computer Science and Software Engineering",
    booktitle="Internation Conference on Computer Science and Software Engineering",
    year="2008"
}

10
@inproceedings{Mierswa,
    title="YALE: Rapid Prototyping for Complex Data Mining Tasks",
    author="Mierswa, Ingo and Wurst, Michael and Klinkenberg, Ralf and others",
    crossref="kdd06",
    pages="935-940",
    year="2006",
}
@proceedings{kdd06,
    title="ACM SIGKDD International Conference on Knowledge Discovery and Data Mining",
    booktitle="ACM SIGKDD International Conference on Knowledge Discovery and Data Mining",
    year="2006"
}

11
@article{zhang,
    author="Zhang, Yanxia and Zhao, Yongheng",
    title="Data mining in astronomy",
    journal="SPIE Newsroom",
    publisher="SPIE",
    year=2008,
    doi="10.1117/2.1200811.1283",
    url={http://www.spie.org/x31522.xml}
}

12
@article{wu,
    author="Wu, Xindong and Kumar, Vipin and Quinlan, J. Ross and others",
    title="Top 10 algorithms in data mining",
    journal="Knowl Inf Syst",
    year=2008,
    publisher="Springer-Verlag London Limited",
    doi="10.1007/s10115-007-0114-2"
}

13
@article{tsoumakas,
    author="Tsoumakas, Grigorios and Angelis, Lefteris and Vlahavas, Ioannis",
    title="Clustering Classifiers for Knowledge Discovery from Physically Distributed Databases",
    journal="Data and Knowledge Engineering",
    year=2004,
    publisher="Elsevier",
    pages="223-242"
}

14
@article{ball2,
    author="Ball, Nicholas M. and Brunner, Robert J. and Myers, Adam D. and Tcheng, David",
    title="Robust Machine Learning Applied to Astronomical Data Sets. I. Star-Galaxy Classification of the Sloan Digital Sky Survey DR3 Using Decision Trees",
    journal="The Astrophysical Journal",
    year=2006,
    publisher="The American Astronomical Society",
    pages="497-509"
}

15
@article{richards,
    author="Richards, Joseph W. and Starr, Dan L. and Butler, Nathaniel R. and others",
    title="On Machine-Learned Classification of Variable Stars with Sparse and Noisy Time-Series Data",
    year="2011",
	archivePrefix="arXiv",
	eprint="1101.1959",
	primaryClass="astro-ph"
}

16
@article{crespo,
    author="Crespo, Fernando and Weber, Richard",
    title="A methodology for dynamic data mining based on fuzzy clustering",
    journal="Fuzzy Sets and Systems",
    publisher="Elsevier",
    pages="267-284",
    year=2005
}

17
@article{wang,
    author="Wang, Xiaozhe and Smith, Kate and Hyndman, Rob",
    title="Characteristic-Based Clustering for Time Series Data",
    year=2006,
    journal="Data Mining and Knowledge Discovery",
    publisher="Springer Science \+ Business Media, LLC.",
    pages="335-364"
}

18
@inproceedings{januzaj,
    title="Scalable Density-Based Distributed Clustering",
    author="Januzaj, Eshref and Kriegel, Hans-Peter and Pfeifle, Martin",
    crossref="pkdd",
    year="2004"
}
@proceedings{pkdd,
    title="European Conference on Principles and Practice of Knowledge Discovery in Databases",
    booktitle="European Conference on Principles and Practice of Knowledge Discovery in Databases",
    year="2004"
}

19
@article{pan1,
    author="Pan, Sinno Jialin and Yang, Qiang",
    title="A Survey on Transfer Learning",
    year=2010,
    journal="IEEE Transactions on Knowledge and Data Engineering",
    publisher="IEEE",
    pages="1345-1359",
    doi="10.1109/TKDE.2009.191"
}

20
@article{pan2,
    title="Domain Adaptation via Transfer Component Analysis",
    author="Pan, Sinno Jialin and Tsang, Ivor W. and Kwok, James T. and Yang, Qiang",
    year=2011,
    journal="IEEE Transactions on Neural Networks",
    publisher="IEEE",
    pages="199-210",
    doi="10.1109/TNN.2010.2091281"
}

21
@inproceedings{minaeiBidgoli,
    title="Ensembles of partions via data resampling",
    author="Minaei-Bidgoli, B and Topchy, A and Punch, W. F.",
    year=2004,
    crossref="itcc"
}
@proceedings{itcc,
    title="Information Technology: Coding and Computing",
    booktitle="Information Technology: Coding and Computing",
    year=2004
}

22
@inproceedings{topchy,
    title="Analysis of consensus partition in cluster ensemble",
    author="Topchy, A. P. and Law, M. H. C. and Jain, A. K. and Fred, A. L.",
    year=2004,
    crossref="icdm"
}
@proceedings{icdm,
    title="IEEE International Conference on Data Mining",
    booktitle="IEEE International Conference on Data Mining",
    year=2004
}
